<?xml version="1.0" encoding="UTF-8"?><collection xmlns="http://www.loc.gov/MARC21/slim"><record><leader>00558nam--2200181-u-4500</leader><controlfield tag="001">000055420</controlfield><controlfield tag="002">20161230</controlfield><controlfield tag="005">20161230201052</controlfield><controlfield tag="008">130206s1000------------r-----000-0-eng-d</controlfield><datafield ind1=" " ind2=" " tag="040"><subfield code="a">IFIN-HH</subfield></datafield><datafield ind1=" " ind2=" " tag="080"><subfield code="a">02(038)</subfield></datafield><datafield ind1="1" ind2=" " tag="100"><subfield code="a">Piette, J.R.F</subfield></datafield><datafield ind1="1" ind2="0" tag="245"><subfield code="a">A guide to foreign languages for science librarians and bibliographers</subfield><subfield code="b">Compiled by j.r.f. piette, revised and enlerged by e. horzelska</subfield><subfield code="c">J.r.f. piette, e. horzelska</subfield></datafield><datafield ind1=" " ind2=" " tag="260"><subfield code="a">London</subfield><subfield code="b">Aslib</subfield><subfield code="c">1965</subfield></datafield><datafield ind1=" " ind2=" " tag="300"><subfield code="a">V+53P</subfield></datafield><datafield ind1="1" ind2=" " tag="700"><subfield code="a">Horzelska, E</subfield></datafield><datafield ind1=" " ind2=" " tag="852"><subfield code="a">41887</subfield><subfield code="c">4</subfield></datafield><datafield ind1=" " ind2=" " tag="CAT"><subfield code="a">Sys</subfield><subfield code="c">20130206</subfield><subfield code="h">113746</subfield></datafield></record></collection>